%
%  An example of bibtex entries.
%

%%%%%%%% ESEMPI CHE FANNO DA GUIDA STILISTICA
% Article within a journal
%
@ARTICLE{hankeknees,
	author  = {H. Hanke and D. Knees}, 
	title   = {A phase-field damage model based on evolving microstructure}, 
	journal = {Asymptotic Analysis}, 
	year    = {2017},
	volume  = {101}, 
	pages   = {149-180}
}	

%%%%%%%%
% Article within a journal issue
%
@ARTICLE{lefever,
	author  = {E. Lefever}, 
	title   = {A hybrid approach to domain-independent taxonomy learning},
	journal = {Applied Ontology}, 
	year    = {2016},
	volume  = {11}, 
	number  = {3}, 
	pages   = {255-278}
}	


%%%%%%%%
%  Book chapter, or article within a book
%
@incollection{meltzeretal,
	author    = {P.S. Meltzer and A. Kallioniemi and J.M. Trent}, 
	title     = {Chromosome alterations in human solid tumors},
	booktitle = {The Genetic Basis of Human Cancer}, 
	editor    = {B. Vogelstein and K.W. Kinzler}, 
	publisher = {McGraw-Hill},
	pages     = {93-113}, 
	year      = {2002},
	address   = {New York} 
}	



%%%%%%%%
% Complete book
%
@book{murrayetal,
	author    = {P.R. Murray and K.S. Rosenthal and G.S. Kobayashi and M.A. Pfaller}, 
	title     = {Medical Microbiology},
        edition   = {4th},
	publisher = {Mosby}, 
	year      = {2002},
	address   = {St. Louis} 
}


%%%%%%%%
% PHD Thesis
%
@phdthesis{wilson,
	author = {E. Wilson}, 
	title  = {Active vibration analysis of thin-walled beams},
	school = {University of Virginia},
	year   = {1991}
}

%%% FINE ESEMPI
%%% INIZIO BIBLIOGRAFIA


%%%%%%%%%%%% LAVORI PIU' VERSO L'ONTOLOGIA APPLICATA

%% lavori di Stefano e co.



@inproceedings{borgoFirstorderFormalizationEvent2014,
	author = {Borgo, Stefano and Mizoguchi, Riichiro},
	booktitle = {International Conference on Formal Ontology in Information Systems ({FOIS} 2014)},
	pages = {79--92},
	publisher = {{IOS} {P}ress},
	series = {FAIA},
	title = {A First-order Formalization of Event, Object, Process and Role in YAMATO},
	volume = {267},
	year = {2014}}



@article{borgoDOLCEDescriptiveOntology2022,
  title = {{{DOLCE}}: {{A}} Descriptive Ontology for Linguistic and Cognitive Engineering},
  author = {Borgo, Stefano and Ferrario, Roberta and Gangemi, Aldo and Guarino, Nicola and Masolo, Claudio and Porello, Daniele and Sanfilippo, Emilio M. and Vieu, Laure},
  volume = {17},
  number = {1},
  pages = {45--69},
  year = {2022},
  journal = {Applied Ontology}
}

@incollection{borgo_artefacts_2009,
	title = {Artefacts in {Formal} {Ontology}},
	booktitle = {Philosophy of {Technology} and {Engineering} {Sciences}},
	publisher = {Elsevier},
	author = {Borgo, Stefano and Vieu, Laure},
	year = {2009},
	pages = {273--307},
}


@article{borgoFormalOntologicalPerspective2009,
  title = {A Formal Ontological Perspective on the Behaviors and Functions of Technical Artifacts},
  author = {Borgo, Stefano and Carrara, Massimiliano and Garbacz, Pawel and Vermaas, Pieter E.},
  year = {2009},
  month = feb,
  journal = {Artificial Intelligence for Engineering Design, Analysis and Manufacturing},
  volume = {23},
  number = {1},
  pages = {3--21},
  langid = {english}
}

@article{borgoOntologicalRepresentationFunctional,
  title = {Towards the {{Ontological Representation}} of {{Functional Basis}} in Dolce},
  author = {Borgo, Stefano and Carrara, Massimiliano and Garbacz, Pawel and Vermaas, Pieter},
  pages = {13},
  langid = {english}
}

@article{garbaczTwoOntologydrivenFormalisations2011,
  title = {Two Ontology-Driven Formalisations of Functions and Their Comparison},
  author = {Garbacz, Pawel and Borgo, Stefano and Carrara, Massimiliano and Vermaas, Pieter E.},
  year = {2011},
  month = dec,
  journal = {Journal of Engineering Design},
  volume = {22},
  number = {11-12},
  pages = {733--764},
  langid = {english}
}

@inproceedings{mizoguchiRoleSystemicView2021,
  title = {The {{Role}} of the {{Systemic View}} in {{Foundational Ontologies}}},
  booktitle = {The {{Joint Ontology Workshops}} ({{JOWO}})},
  author = {Mizoguchi, Riichiro and Borgo, Stefano},
  year = {2021},
  pages = {11},
  langid = {english}
}

@inproceedings{borgoCapabilitiesCapacitiesFunctionalities2021,
  title = {Capabilities, {{Capacities}}, and {{Functionalities}} of {{Resources}} in {{Industrial Engineering}}},
  booktitle = {{{CEUR Workshop Peoceedings}}},
  author = {Borgo, Stefano and Sanfilippo, Emilio M and Terkaj, Walter},
  year = {2021},
  pages = {12},
  address = {{Bolzano, Italy}},
  langid = {english}
}


@inproceedings{Sanfilippo-BBGT2018IFIP,
	author = {Sanfilippo, Emilio M. and Benavent, Sergio and Borgo, Stefano and Guarino, Nicola and Troquard, Nicolas and Romero, Fernando and Rosado, Pedro and Solano, Lorenzo and Belkadi, Farouk and Bernard, Alain},
	booktitle = {Product Lifecycle Management to Support Industry 4.0 - 15th {IFIP} {WG} 5.1 International Conference, {PLM} 2018, Turin, Italy, July 2-4, 2018, Proceedings},
	pages = {304--313},
	title = {Modeling Manufacturing Resources: An Ontological Approach},
	year = {2018}}


@article{borgoKnowledgebasedAdaptiveAgents2019,
  title = {Knowledge-Based Adaptive Agents for Manufacturing Domains},
  author = {Borgo, Stefano and Cesta, Amedeo and Orlandini, Andrea and Umbrico, Alessandro},
  year = {2019},
  month = jul,
  journal = {Engineering with Computers},
  volume = {35},
  number = {3},
  pages = {755--779},
  langid = {english}
}


@article{borgoFormalizationFunctionsOperations2011,
  title = {A {{Formalization}} of {{Functions}} as {{Operations}} on {{Flows}}},
  author = {Borgo, Stefano and Carrara, Massimiliano and Garbacz, Pawel and Vermaas, Pieter E.},
  year = {2011},
  month = sep,
  journal = {Journal of Computing and Information Science in Engineering},
  volume = {11},
  number = {3},
  pages = {031007},
  langid = {english}
}

@article{borgoOntologicalRepresentationFunctional2009,
  title = {Towards the {{Ontological Representation}} of {{Functional Basis}} in Dolce},
  author = {Borgo, Stefano and Carrara, Massimiliano and Garbacz, Pawel and Vermaas, Pieter},
  year = {2009},
  pages = {13},
  langid = {english}
}

@article{borgoTechnicalArtifactsIntegrated2017,
	author = {Borgo, Stefano and Franssen, Maarten and Garbacz, Pawel and Kitamura, Yoshinobu and Mizoguchi, Riichiro and Vermaas, Pieter E.},
	journal = {Applied Ontology},
	number = {3-4},
	pages = {217--235},
	title = {Technical artifacts: An integrated perspective},
	volume = {9},
	year = {2014}}

@inproceedings{vieuArtefactsRolesModelling2008,
  title = {Artefacts and {{Roles}}: {{Modelling Strategies}} in a {{Multiplicative Ontology}}},
  booktitle = {Frontiers in {{Artificial Intelligence}} and {{Applications}}},
  author = {Vieu, Laure and Borgo, Stefano and Masolo, Claudio},
  year = {2008},
  month = jan,
  pages = {15},
  langid = {english}
}


%% Lavory di Barry e co.

@inproceedings{arpFunctionRoleDisposition2008,
  title = {Function, Role and Disposition in {{Basic Formal Ontology}}},
  booktitle = {Nature {{Precedings}}},
  author = {Arp, Robert and Barry, Smith},
  year = {2008}
}



@article{spearFunctionsBasicFormal2016,
  title = {Functions in {{Basic Formal Ontology}}},
  author = {Spear, D. Andrew and Werner, Ceuster and Barry, Smith},
  year = {2016},
  month = jun,
  journal = {Applied Ontology},
  volume = {11},
  number = {2},
  pages = {103--128}
}




@misc{barryBasicFormalOntology2015,
  title = {Basic {{Formal Ontology}} 2.0},
  author = {Barry, Smith and alt.},
  year = {2015},
  month = jun
}


@phdthesis{kochCAPABILITIESBASEDACCOUNTPATIENT2016,
  title = {A {{CAPABILITIES-BASED ACCOUNT OF PATIENT WELFARE}}},
  author = {Koch, Peter Maloy},
  year = {2016},
  month = aug
}



%% Jansen


@incollection{jansenFunctionsMalfunctioningNegative2018,
  title = {Functions, {{Malfunctioning}}, and {{Negative Causation}}},
  booktitle = {Philosophy of {{Science}}},
  author = {Jansen, Ludger},
  editor = {Christian, Alexander and Hommen, David and Retzlaff, Nina and Schurz, Gerhard},
  year = {2018},
  volume = {9},
  pages = {117--135},
  publisher = {{Springer International Publishing}},
  address = {{Cham}},
  langid = {english}
}

@article{rohlWhyFunctionsAre2014,
  title = {Why Functions Are Not Special Dispositions: An Improved Classification of Realizables for Top-Level Ontologies},
  author = {R{\"o}hl, Johannes and Jansen, Ludger},
  year = {2014},
  journal = {Journal of Biomedical Semantics},
  volume = {5},
  number = {1},
  pages = {27},
  langid = {english}
}




%% GFO

@article{burekOntologicalAnalysisFunctional,
  title = {Ontological {{Analysis}} of {{Functional Decomposition}}},
  author = {Burek, Patryk and Herre, Heinrich and Loebe, Frank},
  pages = {13},
  langid = {english}
}

@article{burekOverviewGFOFunctions2021,
  title = {Overview of {{GFO}} 2.0 {{Functions}}: {{An}} Ontology Module for Representing Teleological Knowledge},
  author = {Burek, Patryk and Loebe, Frank and Herre, Heinrich},
  year = {2021},
  journal = {Procedia Computer Science},
  volume = {192},
  pages = {1021--1030},
  langid = {english}
}

@article{burekToplevelOntologyFunctions2006,
  title = {A Top-Level Ontology of Functions and Its Application in the {{Open Biomedical Ontologies}}},
  author = {Burek, P. and Hoehndorf, R. and Loebe, F. and Visagie, J. and Herre, H. and Kelso, J.},
  year = {2006},
  month = jul,
  journal = {Bioinformatics},
  volume = {22},
  number = {14},
  pages = {e66-e73},
  langid = {english}
}

@techreport{herreGeneralFormalOntology2006,
  title = {General {{Formal Ontology}} ({{GFO}}) - {{A Foundational Ontology Integrating Objects}} and {{Processes}} [{{Version}} 1.0]},
  author = {Herre, Heinrich and Heller, Barbara and Burek, Patryk and Hoehndorf, Robert and Loebe, Frank and Michalek, Hannes},
  year = {2006},
  month = jul,
  number = {8},
  institution = {{Institute of Medical Informatics, Statistics and Epidemiology (IMISE)}}
}


%%%%%%%%%%%% LAVORI DI FILOSOFI

@article{MALZKORN2001335,
title = {Defining disposition concepts: A brief history of the problem},
journal = {Studies in History and Philosophy of Science Part A},
volume = {32},
number = {2},
pages = {335-353},
year = {2001},
doi = {https://doi.org/10.1016/S0039-3681(00)00042-X},
author = {Wolfgang Malzkorn}}

@article{cumminsFunctionalAnalysis1975,
  title = {Functional {{Analysis}}},
  author = {Cummins, Robert},
  year = {1975},
  month = nov,
  journal = {The Journal of Philosophy},
  volume = {72},
  number = {20},
  pages = {741--765}
}


@incollection{vermaasFunctionalDecompositionMereology2009a,
  title = {Functional {{Decomposition}} and {{Mereology}} in {{Engineering}}},
  booktitle = {Philosophy of {{Technology}} and {{Engineering Sciences}}},
  author = {Vermaas, Pieter and Garbacz, Pawel},
  year = {2009},
  pages = {235--271},
  publisher = {{Elsevier}},
  langid = {english}
}


@article{vermaasFormalImpossibilityAnalysing2013,
  title = {On the Formal Impossibility of Analysing Subfunctions as Parts of Functions in Design Methodology},
  author = {Vermaas, Pieter E.},
  year = {2013},
  month = jan,
  journal = {Research in Engineering Design},
  volume = {24},
  number = {1},
  pages = {19--32},
  langid = {english}
}



@article{vermaasConceptualElusivenessEngineering2012,
  title = {The {{Conceptual Elusiveness}} of {{Engineering Functions}}: {{A}} {{Philosophical Analysis}}},
  author = {Vermaas, Pieter and Eck, Dingmar and Kroes, Peter},
  year = {2013},
  journal = {Philosophy \& Technology},
  volume = {26},
  pages = {159--185}
}






@book{Campbell90,
	address = {Oxford},
	author = {Campbell, K.},
	publisher = {Basil Blackwell},
	title = {Abstract Particulars},
	year = {1990}}










%%%%%%%%%%%% LAVORI SU FUNZIONI IN IGEGNERIA

%%%%%% 15926


@techreport{kluwerISO159261420202020,
  type = {Working Draft},
  title = {{{ISO}} 15926-14:2020({{E}})},
  author = {Kl{\"u}wer, Johan W. and {Martin-Recuerda}, Francisco and Waaler, Arild and Lupp, Daniel and Brandt, Maja M. and Grimm, Stephan and Koleva, Aneta and Khan, Mesbah and Hella, Lillian and Sandsmark, Nils},
  year = {2020},
  month = sep,
  institution = {{READI}},
  collaborator = {Walther, Dirk}
}


%%%%%% Lavori di de Kleer
@article{de_kleer_how_1984,
	title = {How circuits work},
	volume = {24},
	number = {1-3},
	journal = {Artificial Intelligence},
	author = {De Kleer, Johan},
	month = dec,
	year = {1984},
	keywords = {function},
	pages = {205--280},
}

@article{kleer_qualitative_1984,
	title = {A {Qualitative} {Physics} {Based} on {Confluences}},
	language = {en},
	author = {De Kleer, Johan and Brown, John Seely},
	year = {1984},
	pages = {78},
	file = {Kleer and Brown - A Qualitative Physics Confluences.pdf:C\:\\Users\\Francesco\\Zotero\\storage\\WT53ALBL\\Kleer and Brown - A Qualitative Physics Confluences.pdf:application/pdf},
}

%%%%%%% Lavori di Stone & co. 

@article{stone_development_2000,
	title = {Development of a {Functional} {Basis} for {Design}},
	volume = {122},
	number = {4},
	journal = {Journal of Mechanical Design},
	author = {Stone, Robert B. and Wood, Kristin L.},
	month = dec,
	year = {2000},
	pages = {359--370},
}

@article{hirtz_functional_2002,
	title = {A functional basis for engineering design: {Reconciling} and evolving previous efforts},
	volume = {13},
	number = {2},
	journal = {Research in Engineering Design},
	author = {Hirtz, Julie and Stone, Robert B. and McAdams, Daniel A. and Szykman, Simon and Wood, Kristin L.},
	month = mar,
	year = {2002},
	pages = {65--82},
}

%%%%%% Lavori di Chandrasekaran & co.


@article{chandrasekaranFunctionalRepresentationDesign1993,
  title = {Functional Representation as Design Rationale},
  author = {Chandrasekaran, B. and Goel, 
  A.K. and Iwasaki, Y.},
  year = {1993},
  month = jan,
  journal = {Computer},
  volume = {26},
  number = {1},
  pages = {48--56},
  langid = {english}
}

@article{sembugamoorthy1986functional,
  title={Functional representation of devices and compilation of diagnostic problem-solving systems},
  author={Sembugamoorthy, V and Chandrasekaran, B},
  journal={Experience, memory and Reasoning},
  pages={47--73},
  year={1986},
  publisher={Lawrence Erlbaum, Hillsdale, NJ}
}


@article{chandrasekaranFunctionDeviceRepresentation2000,
  title = {Function in {{Device Representation}}},
  author = {Chandrasekaran, B. and Josephson, John R.},
  year = {2000},
  month = dec,
  journal = {Engineering with Computers},
  volume = {16},
  number = {3-4},
  pages = {162--177},
  langid = {english}
}



%%%%%%% Lavori di Keuneke

%% toMake, toPrevent, etc.
@article{keuneke_device_1991,
	title = {Device representation-the significance of functional knowledge},
	volume = {6},
	number = {2},
	journal = {IEEE Expert},
	author = {Keuneke, A.M.},
	month = apr,
	year = {1991},
	pages = {22--25},
}

%%%%%%%% Lavori di Kitamura, Sasajima, Mizoguchi & co.


@inproceedings{kitamuraMetaFunctionsArtifacts1999,
  title = {Meta-{{Functions}} of {{Artifacts}}},
  booktitle = {Proc. of {{The Thirteenth International Workshop}} on {{Qualitative Reasoning}} ({{QR-99}})},
  author = {Kitamura, Yoshinobu and Mizoguchi, Riichiro},
  year = {1999},
  pages = {136--145},
  address = {{Loch Awe, Scotland}},
  langid = {english}
}

@incollection{kitamuraOntologyBasedFunctionalKnowledgeModeling2004,
  title = {Ontology-{{Based Functional-Knowledge Modeling Methodology}} and {{Its Deployment}}},
  booktitle = {Engineering {{Knowledge}} in the {{Age}} of the {{Semantic Web}}},
  author = {Kitamura, Yoshinobu and Mizoguchi, Riichiro},
  editor = {Motta, Enrico and Shadbolt, Nigel R and Stutt, Arthur and Gibbins, Nick},
  year = {2004},
  volume = {3257},
  pages = {99--115},
  publisher = {{Springer Berlin Heidelberg}},
  address = {{Berlin, Heidelberg}},
  langid = {english}
}


@inproceedings{sasajimaFBRLFunctionBehavior1995,
  title = {{{FBRL}}: {{A}} Function and Behavior Representation Language},
  booktitle = {Proceedings of the {{Fourteenth International Joint Conference}} on {{Artificial Intelligence}}},
  author = {Sasajima, Munehiko and Kitamura, Yoshinobu and Ikeda, Mitsuru and Mizoguchi, Riichiro},
  year = {1995},
  month = aug,
  volume = {2},
  address = {{Montreal, Quebec, Canada}}
}

@article{sasajimaInvestigationDomainOntology1994,
  title = {An {{Investigation}} on {{Domain Ontology}} to {{Represent Functional Models}}},
  author = {Sasajima, Munehiko and Kitamurat, Yoshinobu and Ikeda, Mitsuru and Yoshikawa, Shinji and Endou, Akira and Mizoguchi, Riichiro},
  year = {1994},
  journal = {Proceedings of Eighth International Workshop on Qualitative Reasoning about Physical Systems (QR 94)},
  pages = {10},
  langid = {english}
}


@article{kitamuraOntologybasedSystematizationFunctional2004,
  title = {Ontology-Based Systematization of Functional Knowledge},
  author = {Kitamura, Yoshinobu and Mizoguchi, Riichiro},
  year = {2004},
  month = aug,
  journal = {Journal of Engineering Design},
  volume = {15},
  number = {4},
  pages = {327--351},
  langid = {english}
}


@article{kitamuraOntologicalModelDevice2006,
  title = {An Ontological Model of Device Function: Industrial Deployment and Lessons Learned},
  author = {Kitamura, Yoshinobu and Koji, Yusuke and Mizoguchi, Riichiro},
  year = {2006},
  month = jan,
  journal = {Applied Ontology},
  volume = {1},
  number = {3-4},
  pages = {237--262},
  langid = {english}
}


@incollection{kitamuraDeepSemanticMapping2008,
  title = {Deep {{Semantic Mapping}} between {{Functional Taxonomies}} for {{Interoperable Semantic Search}}},
  booktitle = {The {{Semantic Web}}},
  author = {Kitamura, Yoshinobu and Segawa, Sho and Sasajima, Munehiko and Tarumi, Shinya and Mizoguchi, Riichiro},
  editor = {Domingue, John and Anutariya, Chutiporn},
  year = {2008},
  volume = {5367},
  pages = {137--151},
  publisher = {{Springer Berlin Heidelberg}},
  address = {{Berlin, Heidelberg}},
  langid = {english}
}

@article{mizoguchiUnifyingDefinitionArtifact2016,
  title = {A Unifying Definition for Artifact and Biological Functions},
  author = {Mizoguchi, Riichiro and Kitamura, Yoshinobu and Borgo, Stefano},
  year = {2016},
  month = jun,
  journal = {Applied Ontology},
  volume = {11},
  number = {2},
  pages = {129--154},
  langid = {english}
}



@article{mizoguchiFunctionalOntologyArtifacts2009,
  title = {A {{Functional Ontology}} of {{Artifacts}}:},
  author = {Mizoguchi, Riichiro and Kitamura, Yoshinobu and {The Hegeler Institute}},
  editor = {Sugden, Sherwood J. B.},
  year = {2009},
  journal = {Monist},
  volume = {92},
  number = {3},
  pages = {387--402},
  langid = {english}
}

@article{kitamuraCharacterizingFunctionsBased2013,
  title = {Characterizing Functions Based on Phase- and Evolution-Oriented Models},
  author = {Kitamura, Yoshinobu and Mizoguchi, Riichiro},
  year = {2013},
  journal = {Applied Ontology},
  volume = {8},
  number = {2},
  pages = {73--94},
  langid = {english}
}


@article{kitamuraFunctionalConceptOntology2002a,
  title = {A Functional Concept Ontology and Its Application to Automatic Identification of Functional Structures},
  author = {Kitamura, Yoshinobu and Sano, Toshinobu and Namba, Kouji and Mizoguchi, Riichiro},
  year = {2002},
  month = apr,
  journal = {Advanced Engineering Informatics},
  volume = {16},
  number = {2},
  pages = {145--163},
  langid = {english}
}



@article{kitamuraOntologybasedDescriptionFunctional2003,
  title = {Ontology-Based Description of Functional Design Knowledge and Its Use in a Functional Way Server},
  author = {Kitamura, Yoshinobu and Mizoguchi, Riichiro},
  year = {2003},
  month = feb,
  journal = {Expert Systems with Applications},
  volume = {24},
  number = {2},
  pages = {153--166},
  langid = {english}
}



@misc{mizoguchiYAMATOAnotherMore,
  title = {{{YAMATO}} : {{Yet Another More Advanced Top-level Ontology}}},
  author = {Mizoguchi, Riichiro},
  url = {http://www.hozo.jp/onto_library/upperOnto.htm},
  accessed = {December 2021}
}



@inproceedings{Mizoguchi2017YAMATOYA,
  title = {{{YAMATO}}: {{Yet Another More Advanced Top-level Ontology}} with {{Analysis}} of {{Five Examples}} of {{Change}}},
  booktitle = {Proceedings of {{FOUST II}}: 2nd {{Workshop}} on {{Foundational Ontology}}},
  author = {Mizoguchi, Riichiro and Toyoshima, Fumiaki},
  year = {2017},
  month = sep,
  pages = {13},
  publisher = {{CEUR-WS.org}},
  address = {{Bozen-Bolzano, Italy}},
  langid = {english}
}










%%%%%%%%% Lavori di Umeda 


@article{umedaFunctionBehaviourStructure1990,
  title = {Function, Behaviour, and Structure},
  author = {Umeda, Yasushi and Takeda, H. and Tomiyama, T. and Yoshikawa, H.},
  year = {1990},
  journal = {Applications of artificial intelligence in engineering V},
  volume = {1},
  number = {Design},
  pages = {177--193}
}


%%%%%%%%% Lavori di Goel e co.


@article{goelUseDesignPatterns2004,
  title = {Use of Design Patterns in Analogy-Based Design},
  author = {Goel, Ashok K. and Bhatta, Sambasiva R.},
  year = {2004},
  month = apr,
  journal = {Advanced Engineering Informatics},
  volume = {18},
  number = {2},
  pages = {85--94},
  langid = {english}
}

%
@article{goelStructureBehaviorFunction2009,
  title = {Structure, Behavior, and Function of Complex Systems: {{The}} Structure, Behavior, and Function Modeling Language},
  author = {Goel, Ashok K. and Rugaber, Spencer and Vattam, Swaroop},
  year = {2009},
  month = feb,
  journal = {Artificial Intelligence for Engineering Design, Analysis and Manufacturing},
  volume = {23},
  number = {1},
  pages = {23--35},
  langid = {english}
}


%%%%%%%%% Lavori di Gero & co.


@article{qianFunctionBehaviorStructure1996,
  title = {Function\textendash Behavior\textendash Structure Paths and Their Role in Analogy-Based Design},
  author = {Qian, Lena and Gero, John S.},
  year = {1996},
  month = sep,
  journal = {Artificial Intelligence for Engineering Design, Analysis and Manufacturing},
  volume = {10},
  number = {4},
  pages = {289--312},
  langid = {english}
}


@article{vermaasConceptualFrameworkJohn2007,
  title = {On the Conceptual Framework of {{John Gero}}'s {{FBS-model}} and the Prescriptive Aims of Design Methodology},
  author = {Vermaas, Pieter E. and Dorst, Kees},
  year = {2007},
  month = mar,
  journal = {Design Studies},
  volume = {28},
  number = {2},
  pages = {133--157},
  langid = {english}
}


@inproceedings{geroCategorisingTechnologicalKnowledge2002,
  title = {Categorising {{Technological Knowledge From}} a {{Design Methodological Perspective}}},
  booktitle = {International {{Conference}} on {{Technological Knowledge}}: {{Philosophical Reflections}}},
  author = {Gero, J. S.},
  year = {2002},
  month = jun,
  address = {{Boxmeer, the Netherlands}}
}


@article{geroSituatedFunctionBehaviour2004,
  title = {The Situated Function\textendash Behaviour\textendash Structure Framework},
  author = {Gero, John S. and Kannengiesser, Udo},
  year = {2004},
  month = jul,
  journal = {Design Studies},
  volume = {25},
  number = {4},
  pages = {373--391},
  langid = {english}
}


%%%%%%%% Lavori di Zhao e co.

@article{zhaoStateBehaviorFunction2019,
  title = {A State\textendash Behavior\textendash Function Model for Functional Modeling of Multi-State Systems},
  author = {Zhao, Meng and Chen, Yong and Chen, Linfeng and Xie, Youbai},
  year = {2019},
  month = apr,
  journal = {Proceedings of the Institution of Mechanical Engineers, Part C: Journal of Mechanical Engineering Science},
  volume = {233},
  number = {7},
  pages = {2302--2317},
  langid = {english}
}



%%%%%% Grammatiche funzionali


@article{kurtoglu_automating_2010,
	title = {Automating the conceptual design process: ``{From} black box to component selection''},
	volume = {24},
	number = {1},
	journal = {Artificial Intelligence for Engineering Design, Analysis and Manufacturing},
	author = {Kurtoglu, Tolga and Swantner, Albert and Campbell, Matthew I.},
	month = feb,
	year = {2010},
	pages = {49--62},
}

@inproceedings{gill_logic_2021,
	address = {Virtual, Online},
	title = {Logic {Rules} for {Automated} {Synthesis} of {Function} {Models} {Using} {Evolutionary} {Algorithms}},
	booktitle = {Volume 2: 41st {Computers} and {Information} in {Engineering} {Conference} ({CIE})},
	publisher = {American Society of Mechanical Engineers},
	author = {Gill, Amaninder Singh and Sen, Chiradeep},
	month = aug,
	year = {2021},
}


@article{senProtocolFormaliseFunction2011,
  title = {A Protocol to Formalise Function Verbs to Support Conservation-Based Model Checking},
  author = {Sen, Chiradeep and Summers, Joshua D. and Mocko, Gregory M.},
  year = {2011},
  month = dec,
  journal = {Journal of Engineering Design},
  volume = {22},
  number = {11-12},
  pages = {765--788},
  langid = {english}
}




%% FFIP


@article{kurtogluGraphBasedFaultIdentification2008,
  title = {A {{Graph-Based Fault Identification}} and {{Propagation Framework}} for {{Functional Design}} of {{Complex Systems}}},
  author = {Kurtoglu, Tolga and Tumer, Irem Y.},
  year = {2008},
  month = may,
  journal = {Journal of Mechanical Design},
  volume = {130},
  number = {5},
  pages = {051401},
  langid = {english}
}




%% OWL di Functional Basis 


@article{yangFunctionSemanticRepresentation2010,
  title = {Function {{Semantic Representation}} ({{FSR}}): {{A Rule-Based Ontology}} for {{Product Functions}}},
  author = {Yang, Seung-Cheol and Patil, Lalit and Dutta, Debasish},
  year = {2010},
  month = sep,
  journal = {Journal of Computing and Information Science in Engineering},
  volume = {10},
  number = {3},
  pages = {031001},
  langid = {english}
}

%% TLOs


@misc{masoloWonderWebDeliverableD182003,
  title = {{{WonderWeb Deliverable D18}}},
  author = {Masolo, Claudio and Borgo, Stefano and Gangemi, Aldo and Guarino, Nicola and Oltramari, Alessandro},
  year = {2003},
  publisher = {{IST Project 2001-33052 WonderWeb: Ontology Infrastructure for the Semantic Web}},
  langid = {english}
}


%% Diagnostica

@article{larssonDiagnosisBasedExplicit1996,
  title = {Diagnosis Based on Explicit Means-End Models},
  author = {Larsson, Jan Eric},
  year = {1996},
  month = jan,
  journal = {Artificial Intelligence},
  volume = {80},
  number = {1},
  pages = {29--93},
  langid = {english}
}


%%%%%% Reference texts 

%% tedeschi
@book{pahl_engineering_2007,
	address = {London},
	edition = {3rd},
	title = {Engineering design: a systematic approach},
	language = {en},
	publisher = {Springer},
	author = {Pahl, G. and Beitz, W. and Feldhusen, J. and Grote, K.H.},
	year = {2007},
}


@book{rothKonstruierenMitKonstruktionskatalogen2000,
  title = {{Konstruieren mit Konstruktionskatalogen}},
  author = {Roth, Karlheinz},
  year = {2000},
  publisher = {{Springer Berlin Heidelberg}},
  address = {{Berlin, Heidelberg}},
  langid = {german}
}

%% standard
@techreport{IEC192,
type = {Standard},
month = feb,
year = {2015},
title = {{International Electrotechnical Vocabulary (IEV) - Part 192: Dependability}},
address = {Geneva, CH},
institution = { International Electrotechnical Commission}
}

%% Manuali
@book{vesely_fault_1987,
	title = {Fault {Tree} {Handbook}},
	language = {en},
	author = {Vesely, W. E. and Goldberg, F. and Roberts, N. H. and Haasl, D.},
	year = {1987},
}


%% Ontoclean

@incollection{guarinoOverviewOntoClean2009,
  title = {An {{Overview}} of {{OntoClean}}},
  booktitle = {Handbook on {{Ontologies}}},
  author = {Guarino, Nicola and Welty, Christopher A.},
  editor = {Staab, Steffen and Studer, Rudi},
  year = {2009},
  pages = {201--220},
  publisher = {{Springer Berlin Heidelberg}},
  address = {{Berlin, Heidelberg}},
  langid = {english}
}


@incollection{guarinoFormalOntologyProperties2000,
  title = {A {{Formal Ontology}} of {{Properties}}},
  booktitle = {Knowledge {{Engineering}} and {{Knowledge Management Methods}}, {{Models}}, and {{Tools}}},
  author = {Guarino, Nicola and Welty{\textdagger}, Christopher},
  editor = {Goos, G. and Hartmanis, J. and {van Leeuwen}, J. and Dieng, Rose and Corby, Olivier},
  year = {2000},
  volume = {1937},
  pages = {97--112},
  publisher = {{Springer Berlin Heidelberg}},
  address = {{Berlin, Heidelberg}},
  langid = {english}
}


%% ruoli

@article{loebeAbstractVsSocial2007,
  title = {Abstract vs. Social Roles \textendash{} {{Towards}} a General Theoretical Account of Roles},
  author = {Loebe, Frank},
  year = {2007},
  journal = {Applied Ontology},
  volume = {2},
  pages = {127--158},
  langid = {english}
}


@inproceedings{masoloSocialRolesTheir2004,
  title = {Social {{Roles}} and Their {{Descriptions}}},
  booktitle = {Principles of {{Knowledge Representation}} and {{Reasoning}}: {{Proceedings}} of the {{Ninth International Conference}} ({{KR2004}})},
  author = {Masolo, Claudio and Vieu, Laure and Bottazzi, Emanuele and Catenacci, Carola and Ferrario, Roberta and Gangemi, Aldo and Guarino, Nicola},
  year = {2004},
  month = jun,
  pages = {11},
  address = {{Whistler, Canada}},
  langid = {english}
}


%% review funzioni


@article{erdenReviewFunctionModeling2008,
  title = {A Review of Function Modeling: {{Approaches}} and Applications},
  author = {Erden, M.S. and Komoto, H. and {van Beek}, T.J. and D'Amelio, V. and Echavarria, E. and Tomiyama, T.},
  year = {2008},
  journal = {Artificial Intelligence for Engineering Design, Analysis and Manufacturing},
  volume = {22},
  number = {2},
  pages = {147--169},
  langid = {english}
}


@article{artigaNewPerspectiveOnFunctions,
  author    = {Marc Artiga},
  title     = {New perspectives on artifactual and biological functions},
  journal   = {Appl. Ontology},
  volume    = {11},
  number    = {2},
  pages     = {89--102},
  year      = {2016},
  url       = {https://doi.org/10.3233/AO-160166},
  doi       = {10.3233/AO-160166},
  timestamp = {Tue, 14 Jul 2020 14:30:42 +0200},
  biburl    = {https://dblp.org/rec/journals/ao/Artiga16.bib},
  bibsource = {dblp computer science bibliography, https://dblp.org}
}

@techreport{jochemISOISO15531312004,
  type = {Industrial {{Manufacturing Management Data}}},
  title = {{{ISO}} 15531-31: {{Industrial}} Automation Systems and Integration - {{Industrial}} Manufacturing Management Data - {{Part}} 31: {{Resource}} Information Model},
  author = {{{ISO}}},
  year = {2004},
  langid = {english}
}

@article{solanoKnowledgeRepresentationProduct2014,
  title = {Knowledge Representation for Product and Processes Development Planning in Collaborative Environments},
  author = {Solano, Lorenzo and Rosado, Pedro and Romero, Fernando},
  year = {2014},
  month = aug,
  journal = {International Journal of Computer Integrated Manufacturing},
  volume = {27},
  number = {8},
  pages = {787--801},
  langid = {english}
}

@article{sarkarOntologyModelProcess2019,
  title = {Ontology {{Model}} for {{Process Level Capabilities}} of {{Manufacturing Resources}}},
  author = {Sarkar, Arkopaul and {\v S}ormaz, Du{\v s}an},
  year = {2019},
  journal = {Procedia Manufacturing},
  volume = {39},
  pages = {1889--1898},
  langid = {english}
}

@inproceedings{sanfilippoResourcesManufacturing2015,
  title = {Resources in {{Manufacturing}}},
  booktitle = {{{Formal Ontologies meet Industry}}},
  author = {Sanfilippo, Emilio M and Terkaj, Walter and Borgo, Stefano},
  year = {2015},
  pages = {1-12},
  langid = {english}
}

@inproceedings{TerkajOntologyIndustrialEngineering2022,
  title = {Ontology for Industrial Engineering: A {DOLCE} Compliant Approach},
  booktitle = {{{Formal Ontologies meet Industry}}},
  author = {Terkaj, Walter and Borgo, Stefano and Sanfilippo, Emilio M},
  year = {2022},
  pages = {1-13},
  langid = {english}
}

@article{jarvenpaaDevelopmentOntologyDescribing2019a,
  title = {The Development of an Ontology for Describing the Capabilities of Manufacturing Resources},
  author = {J{\"a}rvenp{\"a}{\"a}, Eeva and Siltala, Niko and Hylli, Otto and Lanz, Minna},
  year = {2019},
  month = feb,
  journal = {Journal of Intelligent Manufacturing},
  volume = {30},
  number = {2},
  pages = {959--978},
  langid = {english}
}


%% Gardenfors


@book{Gardenfors2004,
	author = {G{\"a}rdenfors, Peter},
	publisher = {MIT press},
	title = {Conceptual spaces: The geometry of thought},
	year = {2004}}




%% relazioni

@incollection{fonsecaRelationsOntologyDrivenConceptual2019,
  title = {Relations in {{Ontology-Driven Conceptual Modeling}}},
  booktitle = {Conceptual {{Modeling}}},
  author = {Fonseca, Claudenir M. and Porello, Daniele and Guizzardi, Giancarlo and Almeida, Jo{\~a}o Paulo A. and Guarino, Nicola},
  editor = {Laender, Alberto H. F. and Pernici, Barbara and Lim, Ee-Peng and {de Oliveira}, Jos{\'e} Palazzo M.},
  year = {2019},
  volume = {11788},
  pages = {28--42},
  publisher = {{Springer International Publishing}},
  address = {{Cham}},
  langid = {english}
}

@InCollection{sep-intrinsic-extrinsic,
	author       =	{Marshall, Dan and Weatherson, Brian},
	title        =	{{Intrinsic vs. Extrinsic Properties}},
	booktitle    =	{The {Stanford} Encyclopedia of Philosophy},
	editor       =	{Edward N. Zalta},
	howpublished =	{\url{https://plato.stanford.edu/archives/spr2018/entries/intrinsic-extrinsic/}},
	year         =	{2018},
	edition      =	{{S}pring 2018},
	publisher    =	{Metaphysics Research Lab, Stanford University}
}

%% OWL 2

@techreport{OWL2-QUICK-REFERENCE,
  title = {{OWL 2 Web Ontology Language Quick Reference Guide}},
  editor = {Bao, J. and Kendall, E. and McGuinness, D. and Patel-Schneider, P.},
  author = {{{W3C Recommendation}}},
  year = {2012},
  month = {December},
  day = {11},
  url = {http://www.w3.org/TR/owl2-quick-reference/},
  langid = {english}
}

@techreport{OWL-ontology-repositories,
  title = {{Ontology repositories}},
  url = {https://www.w3.org/wiki/Ontology_repositories},
  langid = {english}
}

%% FOL

@InCollection{sep-logic-classical,
	author       =	{Shapiro, Stewart and Kouri Kissel, Teresa},
	title        =	{{Classical Logic}},
	booktitle    =	{The {Stanford} Encyclopedia of Philosophy},
	editor       =	{Edward N. Zalta},
	howpublished =	{\url{https://plato.stanford.edu/archives/spr2021/entries/logic-classical/}},
	year         =	{2021},
	edition      =	{{S}pring 2021},
	publisher    =	{Metaphysics Research Lab, Stanford University}
}

%% COLLINS

@article{collinsFailureExperienceMatrixUseful1976,
  title = {The {{Failure-Experience Matrix}}\textemdash{{A Useful Design Tool}}},
  author = {Collins, J. A. and Hagan, B. T. and Bratt, H. M.},
  year = {1976},
  month = aug,
  journal = {Journal of Engineering for Industry},
  volume = {98},
  number = {3},
  pages = {1074--1079},
  langid = {english}
}

%% Circuito idraulico immagine

@book{HydroPNG,
author = {Lugo Calles, Jesus Hiram and Ramadoss, Vishal and Zoppi, Matteo and Cannata, G. and Molfino, Rezia},
year = {2019},
title = {Modeling of a Cable-Based Revolute Joint Using Biphasic Media Variable Stiffness Actuation},
doi = {10.1109/IRC.2019.00125}
}

%% ontologia fisica


@incollection{mcginnOntologyEnergy2012,
  title = {The {{Ontology}} of {{Energy}}},
  booktitle = {Basic {{Structures}} of {{Reality}}},
  author = {McGinn, Colin},
  year = {2012},
  publisher = {{Oxford University Press}},
  address = {{New York}},
  langid = {english}
}

%% Requirements


@article{alrumaihDomainOntologyRequirements2020,
  title = {Domain {{Ontology}} for {{Requirements Classification}} in {{Requirements Engineering Context}}},
  author = {Alrumaih, Hala and Mirza, Abdulrahman and Alsalamah, Hessah},
  year = {2020},
  journal = {IEEE Access},
  volume = {8},
  pages = {89899--89908},
  langid = {english}
}

@article{chenFormalisationProductRequirements2007,
  title = {Formalisation of Product Requirements: From Natural Language Descriptions to Formal Specifications},
  author = {Chen, Zhen Yu and Yao, Shengji and Lin, Jian Qiang and Zeng, Yong and Eberlein, Armin},
  year = {2007},
  journal = {International Journal of Manufacturing Research},
  volume = {2},
  number = {3},
  pages = {362},
  langid = {english}
}

@InProceedings{holterScopeDetectionTextual2021,
  author =	{Holter, Ole Magnus and Ell, Basil},
  title =	{{Towards Scope Detection in Textual Requirements}},
  booktitle =	{3rd Conference on Language, Data and Knowledge (LDK 2021)},
  //pages =	{31:1--31:15},
  pages =	{15},
  series =	{Open Access Series in Informatics (OASIcs)},
  //ISBN =	{978-3-95977-199-3},
  //ISSN =	{2190-6807},
  year =	{2021},
  volume =	{93},
  //editor =	{Gromann, Dagmar and S\'{e}rasset, Gilles and Declerck, Thierry and McCrae, John P. and Gracia, Jorge and Bosque-Gil, Julia and Bobillo, Fernando and Heinisch, Barbara},
  //publisher =	{Schloss Dagstuhl -- Leibniz-Zentrum f{\"u}r Informatik},
  //address =	{Dagstuhl, Germany},
  URL =		{https://drops.dagstuhl.de/opus/volltexte/2021/14567},
  //URN =		{urn:nbn:de:0030-drops-145674},
  //doi =		{10.4230/OASIcs.LDK.2021.31},
  //annote =	{Keywords: Scope Detection, Textual requirements, NLP}
}



@techreport{overliAssetInformationModelling2021,
  title = {Asset {{Information Modelling Framework}} ({{IMF}})},
  author = {{\O}verli, Per {\O}yvind and Saltvedt, Torleif and Ingebrigtsen, Idar and Slettebakk K., Jann and Ydsteb{\o} R., Bj{\o}rn and Karlsen, Trond and {Kl\"uwer K. Johan} and Skj{\ae}veland G., Martin and Kn{\ae}dal O., Magnus},
  editor = {{Fj\o sna Erlend} and {Waaler Arild}},
  year = {2021},
  month = mar,
  number = {Release 1}
}




@article{kluwerOntologybasedRequirementsManagement2018,
  title = {Ontology-Based Requirements Management - {{Presentation}} at {{SemWeb}}.{{Pro}} 2018, {{November}} 6 2018, {{Paris}}},
  author = {Kl{\"u}wer, Johan W},
  year = {2018},
  pages = {29},
  langid = {english}
}

@article{murtazinaOntologybasedApproachSupport2019,
  title = {An {{Ontology-based Approach}} to {{Support}} for {{Requirements Traceability}} in {{Agile Development}}},
  author = {Murtazina, M.Sh. and Avdeenko, T.V.},
  year = {2019},
  journal = {Procedia Computer Science},
  volume = {150},
  pages = {628--635},
  langid = {english}
}

@inproceedings{murtazinaUseOntologiesRequirements2019,
  title = {The {{Use}} of {{Ontologies}} in {{Requirements Engineering}}},
  booktitle = {Procedia {{Computer Science}}},
  author = {Murtazina, M. SH. and Avdeenko, T.V.},
  year = {2019},
  volume = {150},
  pages = {628--635}
}


@article{jinxinlinRequirementOntologyEngineering1996,
  title = {A {{Requirement Ontology}} for {{Engineering Design}}},
  author = {{Jinxin Lin} and Fox, Mark S. and Bilgic, Taner},
  year = {1996},
  month = sep,
  journal = {Concurrent Engineering},
  volume = {4},
  number = {3},
  pages = {279--291},
  langid = {english}
}


@article{chenOntologybasedRequirementVerification2020,
  title = {Ontology-Based Requirement Verification for Complex Systems},
  author = {Chen, Ruirui and Chen, Chun-Hsien and Liu, Yusheng and Ye, Xiaoping},
  year = {2020},
  month = oct,
  journal = {Advanced Engineering Informatics},
  volume = {46},
  pages = {101148},
  langid = {english}
}


%% controllo qualità ontologie

@article{poveda2014oops,
 title={{OOPS! (OntOlogy Pitfall Scanner!): An On-line Tool for Ontology Evaluation}},
 author={Poveda-Villal{\'o}n, Mar{\'i}a and G{\'o}mez-P{\'e}rez, Asunci{\'o}n and Su{\'a}rez-Figueroa, Mari Carmen},
 journal={International Journal on Semantic Web and Information Systems (IJSWIS)},
 volume={10},
 number={2},
 pages={7--34},
 year={2014},
 publisher={IGI Global}
}

%% affordacose

@inproceedings{maier2001affordance,
  title={Affordance: the fundamental concept in engineering design},
  author={Maier, Jonathan RA and Fadel, Georges M},
  booktitle={International Design Engineering Technical Conferences and Computers and Information in Engineering Conference},
  volume={80258},
  pages={177--186},
  year={2001},
  organization={American Society of Mechanical Engineers}
}


@inproceedings{brownRelationshipFunctionAffordance2005,
  title = {The {{Relationship Between Function}} and {{Affordance}}},
  booktitle = {Volume 5a: 17th {{International Conference}} on {{Design Theory}} and {{Methodology}}},
  author = {Brown, David C. and Blessing, Lucienne},
  year = {2005},
  month = jan,
  pages = {155--160},
  publisher = {{ASMEDC}},
  address = {{Long Beach, California, USA}},
  langid = {english}
}

@article{ciavolaAffordanceTheoryEngineering2016,
  title = {Affordance Theory for Engineering Design},
  author = {Ciavola, Benjamin T. and Gershenson, John K.},
  year = {2016},
  month = jul,
  journal = {Research in Engineering Design},
  volume = {27},
  number = {3},
  pages = {251--263},
  langid = {english}
}

@incollection{gibsonTheoryAffordances1979,
  title = {The {{Theory}} of {{Affordances}}},
  booktitle = {The {{Ecological Approach}} to {{Visual Perception}}.},
  author = {Gibson, James J.},
  year = {1979},
  publisher = {{Houghton Mifflin}},
  address = {{Boston}}
}

@article{maierAffordanceBasedDesign2009,
  title = {Affordance Based Design: A Relational Theory for Design},
  author = {Maier, Jonathan R. A. and Fadel, Georges M.},
  year = {2009},
  month = mar,
  journal = {Research in Engineering Design},
  volume = {20},
  number = {1},
  pages = {13--27},
  langid = {english}
}

@article{motaDispensingTheoryPhilosophy2021,
  title = {Dispensing with the Theory (and Philosophy) of Affordances},
  author = {Mota, Sergio},
  year = {2021},
  month = aug,
  journal = {Theory \& Psychology},
  volume = {31},
  number = {4},
  pages = {533--551},
  langid = {english}
}

%% evaluation


@inproceedings{sfarGoldStandardBased2016,
  title = {Gold Standard Based Evaluation of Ontology Learning Techniques},
  booktitle = {Proceedings of the 31st {{Annual ACM Symposium}} on {{Applied Computing}}},
  author = {Sfar, Hela and Chaibi, Anja Habacha and Bouzeghoub, Amel and Ghezala, Henda Ben},
  year = {2016},
  month = apr,
  pages = {339--346},
  publisher = {{ACM}},
  address = {{Pisa Italy}},
  langid = {english}
}


@incollection{Borgo-L2007,
	author = {S. Borgo and P. Leitao},
	booktitle = {Ontologies. A Handbook of Principles, Concepts and Applications in Information Systems},
	editor = {R. Sharman, R. Kishore, R. Ramesh},
	pages = {751-775},
	publisher = {Springer US},
	title = {Foundations for a Core Ontology of Manufacturing},
	year = {2007}}


@article{sanfilippoOntologicalModelingManufacturing2021,
  title = {Ontological Modeling of Manufacturing Resources},
  author = {Sanfilippo, Emilio M. and Terkaj, Walter and Borgo, Stefano},
  year = {2021},
  month = jan,
  journal = {Applied Ontology},
  volume = {16},
  number = {1},
  pages = {87--109},
  langid = {english}
}


@inproceedings{kocherFormalCapabilitySkill2020a,
  title = {A {{Formal Capability}} and {{Skill Model}} for {{Use}} in {{Plug}} and {{Produce Scenarios}}},
  booktitle = {2020 25th {{IEEE International Conference}} on {{Emerging Technologies}} and {{Factory Automation}} ({{ETFA}})},
  author = {Kocher, Aljosha and Hildebrandt, Constantin and {Vieira da Silva}, Luis Miguel and Fay, Alexander},
  year = {2020},
  month = sep,
  pages = {1663--1670},
  publisher = {{IEEE}},
  address = {{Vienna, Austria}},
  langid = {english}
}

@misc{kocherReferenceModelCommon2022,
  title = {A {{Reference Model}} for {{Common Understanding}} of {{Capabilities}} and {{Skills}} in {{Manufacturing}}},
  author = {K{\"o}cher, Aljosha and Belyaev, Alexander and Hermann, Jesko and Bock, J{\"u}rgen and Meixner, Kristof and Volkmann, Magnus and Winter, Michael and Zimmermann, Patrick and Grimm, Stephan and Diedrich, Christian},
  year = {2022},
  month = sep,
  number = {arXiv:2209.09632},
  eprint = {2209.09632},
  eprinttype = {arxiv},
  primaryclass = {cs, eess},
  publisher = {{arXiv}},
  archiveprefix = {arXiv},
  langid = {english}
}

@techreport{VDI2860Assembly1990,
  title = {{{VDI}} 2860: {{Assembly}} and Handling; Handling Functions, Handling Units; Terminology, Definitions and Symbols},
  year = {1990},
  institution = {{Verein Deutscher Ingenieure}}
}

@inproceedings{ortmann2010affordances,
  title={Affordances as qualities},
  author={Ortmann, Jens and Kuhn, Werner},
  booktitle={Formal Ontology in Information Systems},
  pages={117--130},
  year={2010},
  organization={IOS Press}
}

@article{guarinoEventsTheirNames2022,
  title = {Events, Their Names, and Their Synchronic Structure},
  author = {Guarino, Nicola and Baratella, Riccardo and Guizzardi, Giancarlo},
  year = {2022},
  month = jan,
  journal = {Applied Ontology},
  volume = {17},
  number = {2},
  pages = {249--283},
}


















